@article{wei2020tuning,
  title={Tuning-free Plug-and-Play Proximal Algorithm for Inverse Imaging Problems},
  author={Wei, Kaixuan and Aviles-Rivero, Angelica and Liang, Jingwei and Fu, Ying and Schnlieb, Carola-Bibiane and Huang, Hua},
  journal={arXiv preprint arXiv:2002.09611},
  year={2020}
}

@misc{chan2016plugandplay,
      title={Plug-and-Play ADMM for Image Restoration: Fixed Point Convergence and Applications}, 
      author={Stanley H. Chan and Xiran Wang and Omar A. Elgendy},
      year={2016},
      eprint={1605.01710},
      archivePrefix={arXiv},
      primaryClass={cs.CV}
}

@article{Eksioglu2016Decoupled,
author = {Eksioglu, Ender},
year = {2016},
month = {11},
pages = {},
title = {Decoupled Algorithm for MRI Reconstruction Using Nonlocal Block Matching Model: BM3D-MRI},
volume = {56},
journal = {Journal of Mathematical Imaging and Vision},
doi = {10.1007/s10851-016-0647-7}
}

@misc{chang2017network,
      title={One Network to Solve Them All --- Solving Linear Inverse Problems using Deep Projection Models}, 
      author={J. H. Rick Chang and Chun-Liang Li and Barnabas Poczos and B. V. K. Vijaya Kumar and Aswin C. Sankaranarayanan},
      year={2017},
      eprint={1703.09912},
      archivePrefix={arXiv},
      primaryClass={cs.CV}
}